% This is the bib file from another paper.  I imagine a lot of the
% citations will be the same so for now I'm leaving them in here.

@article{Cole:2008:WDP,
  title = "Where Do People Draw Lines?",
  author = "Forrester Cole and Aleksey Golovinskiy and Alex Limpaecher and Heather Stoddart
      Barros and Adam Finkelstein and Thomas Funkhouser and Szymon Rusinkiewicz",
  journal = "ACM Transactions on Graphics",
  volume = 27,
  number = 3,
  month = aug, 
  year = 2008,
  pages = "88:1--88:11",
}

@article{Lee:2011,
 author = {Yong Jae Lee, Larry Zitnick, Michael Cohen},
 title = {ShadowDraw: Real-Time User Guidance for Freehand Drawing},
 journal = {ACM Trans. Graph.},
 issue_date = {August 2011},
 volume = {22},
 number = {3},
 month = jul,
 year = {2003},
 issn = {0730-0301},
 pages = {879--887},
 numpages = {9},
 doi = {10.1145/882262.882359},
 acmid = {882359},
 publisher = {ACM},
 address = {New York, NY, USA},
} 



@inproceedings{Sorkine:2004:LSE,
    title = "Laplacian Surface Editing",
    author = "Olga Sorkine and Daniel Cohen-Or and Yaron Lipman and Marc Alexa and Christian
        R{\"{o}}ssl and Hans-Peter Seidel",
    booktitle = "Eurographics / ACM SIGGRAPH Symposium on Geometry Processing",
    month = jul, 
    year = 2004,
    pages = "175--184",
}

