% This is the bib file from another paper.  I imagine a lot of the
% citations will be the same so for now I'm leaving them in here.

@article{James:2003,
 author = {James, Doug L. and Fatahalian, Kayvon},
 title = {Precomputing interactive dynamic deformable scenes},
 journal = {ACM Trans. Graph.},
 issue_date = {July 2003},
 volume = {22},
 number = {3},
 month = jul,
 year = {2003},
 issn = {0730-0301},
 pages = {879--887},
 numpages = {9},
 doi = {10.1145/882262.882359},
 acmid = {882359},
 publisher = {ACM},
 address = {New York, NY, USA},
} 

@article{Halevy:2009,
  author = {Halevy, Alon and Norvig, Peter and Pereira, Fernando},
  title = {The Unreasonable Effectiveness of Data},
  journal = {IEEE Intelligent Systems},
  issue_date = {March 2009},
  volume = {24},
  number = {2},
  month = mar,
  year = {2009},
  issn = {1541-1672},
  pages = {8--12},
  numpages = {5},
  publisher = {IEEE Educational Activities Department},
} 

@article{deAguiar:2010,
 author = {de Aguiar, Edilson and Sigal, Leonid and Treuille, Adrien and Hodgins, Jessica K.},
 title = {Stable spaces for real-time clothing},
 journal = {ACM Trans. Graph.},
 volume = {29},
 issue = {4},
 month = {July},
 year = {2010},
 issn = {0730-0301},
 pages = {106:1--106:9},
 articleno = {106},
 numpages = {9},
 acmid = {1778843},
 publisher = {ACM},
 address = {New York, NY, USA},
} 

@inproceedings{Wang:2010,
  title = {Example-Based Wrinkle Synthesis for Clothing Animation},
  booktitle = {Proceedings of ACM SIGGRAPH 2010},
  author = {Huamin Wang and Florian Hecht and Ravi Ramamoorthi and James F. O'Brien},
  month = jul,
  location = {Los Angles, California},
  year = 2010,
  pages = {107:1-8},
}

@article{Kavan:2011,
 author = {Kavan, Ladislav and Gerszewski, Dan and Bargteil, Adam W. and Sloan, Peter-Pike},
 title = {Physics-inspired upsampling for cloth simulation in games},
 journal = {ACM Trans. Graph.},
 issue_date = {July 2011},
 volume = {30},
 number = {4},
 month = jul,
 year = {2011},
 pages = {93:1--93:10},
 articleno = {93},
 numpages = {10},
 publisher = {ACM},
 address = {New York, NY, USA},
} 

@article{Baraff:1998:LSC,
author = {Baraff, David and Witkin, Andrew},
journal = {Proc. SIGGRAPH '98},
pages = {43--54},
title = {Large steps in cloth simulation},
year = 1998
}

@article{Baraff:2003:UC,
 author = {Baraff, David and Witkin, Andrew and Kass, Michael},
 title = {Untangling cloth},
 journal = {ACM Trans. Graph.},
 issue_date = {July 2003},
 volume = {22},
 number = {3},
 month = jul,
 year = {2003},
 issn = {0730-0301},
 pages = {862--870},
 numpages = {9},
 url = {http://doi.acm.org/10.1145/882262.882357},
 doi = {10.1145/882262.882357},
 acmid = {882357},
 publisher = {ACM}
} 

@article{Bargteil:2007:FEM,
 author = {Adam W. Bargteil and Chris Wojtan and Jessica K. Hodgins and Greg Turk},
 title = {A Finite Element Method for Animating Large Viscoplastic Flow},
 journal = {ACM Trans. Graph.},
 volume = {26},
 number = {3},
 year = {2007}
}

@article{Bickel:2009:CMN,
 author = {Bickel, Bernd and B\"{a}cher, Moritz and Otaduy, Miguel A. and Matusik, Wojciech and Pfister, Hanspeter and Gross, Markus},
 title = {Capture and modeling of non-linear heterogeneous soft tissue},
 journal = {ACM Trans. Graph.},
 issue_date = {August 2009},
 volume = {28},
 number = {3},
 month = jul,
 year = {2009},
 issn = {0730-0301},
 pages = {89:1--89:9},
 articleno = {89},
 numpages = {9},
 url = {http://doi.acm.org/10.1145/1531326.1531395},
 doi = {10.1145/1531326.1531395},
 acmid = {1531395},
 publisher = {ACM},
 keywords = {data-driven graphics, deformations, model acquisition, physically based animation and modeling},
} 

@inproceedings{Birra:2004:SCA,
  author = {Fernando Pedro Birra and Manuel Pr\'ospero dos Santos},
  title = {Stable Cloth Animation with Adaptive Level of Detail},
  booktitle = {WSCG Short Communication Paper Proceedings},
  pages = {31-46},
  publisher = {UNION Agency - Science Press},
  year = 2004
}

@inproceedings{Boissonnat:2003:PGS,
 author = {Boissonnat, J. D. and Oudot, S.},
 title = {Provably good surface sampling and approximation},
 booktitle = {Proc. 2003 Eurographics/ACM SIGGRAPH symposium on Geometry processing},
 series = {SGP '03},
 year = {2003},
 isbn = {1-58113-687-0},
 location = {Aachen, Germany},
 pages = {9--18},
 numpages = {10},
 url = {http://dl.acm.org/citation.cfm?id=882370.882372},
 acmid = {882372},
 publisher = {Eurographics Association}
} 

@inproceedings{Bossen:1996:PMA,
  author={Frank Bossen and Paul Heckbert},
  title={A Pliant Method for Anisotropic Mesh Generation},
  booktitle={5th Intl. Meshing Roundtable},
  year={1996},
  pages={63-74}
}

@inproceedings{Bridson:2002:RTC,
 author = {Robert Bridson and Ronald Fedkiw and John Anderson},
 title = {Robust treatment of collisions, contact and friction for cloth animation},
 booktitle = {Proc. ACM SIGGRAPH 02},
 year = 2002,
 location = {San Antonio, Texas},
 pages = {594--603},
} 

@inproceedings{Bridson:2003:SCF,
 author = {Bridson, R. and Marino, S. and Fedkiw, R.},
 title = {Simulation of clothing with folds and wrinkles},
 booktitle = {Proc. 2003 ACM SIGGRAPH/Eurographics Symposium on Computer Animation},
 series = {SCA '03},
 year = {2003},
 isbn = {1-58113-659-5},
 location = {San Diego, California},
 pages = {28--36},
 numpages = {9},
 url = {http://dl.acm.org/citation.cfm?id=846276.846281},
 acmid = {846281},
 publisher = {Eurographics Association}
} 

@article{Brochu:2009:RTO,
author = {Tyson Brochu and Robert Bridson},
collaboration = {},
title = {Robust Topological Operations for Dynamic Explicit Surfaces},
publisher = {SIAM},
year = {2009},
journal = {SIAM Journal on Scientific Computing},
volume = {31},
number = {4},
pages = {2472-2493},
keywords = {interface tracking; dynamic surfaces; triangle meshes; geometric flows},
url = {http://link.aip.org/link/?SCE/31/2472/1},
doi = {10.1137/080737617}
}

@article{Brochu:2012:EGE,
 author = {Brochu, Tyson and Edwards, Essex and Bridson, Robert},
 title = {Efficient geometrically exact continuous collision detection},
 journal = {ACM Trans. Graph.},
 issue_date = {July 2012},
 volume = {31},
 number = {4},
 month = jul,
 year = {2012},
 issn = {0730-0301},
 pages = {96:1--96:7},
 articleno = {96},
 numpages = {7},
 url = {http://doi.acm.org/http://doi.acm.org/10.1145/2185520.2185592},
 doi = {http://doi.acm.org/10.1145/2185520.2185592},
 acmid = {2335447},
 publisher = {ACM},
 keywords = {cloth simulation, collision detection, computational geometry, physically based animation},
} 

@inproceedings{Carignan:1992:DAS,
 author = {Carignan, Michel and Yang, Ying and Thalmann, Nadia Magnenat and Thalmann, Daniel},
 title = {Dressing animated synthetic actors with complex deformable clothes},
 booktitle = {Proc. ACM SIGGRAPH 92},
 year = 1992,
 pages = {99--104},
} 

@article{Catmull:1978:RGB,
title = "Recursively generated B-spline surfaces on arbitrary topological meshes",
journal = "Computer-Aided Design",
volume = "10",
number = "6",
pages = "350 - 355",
year = "1978",
note = "",
issn = "0010-4485",
doi = "10.1016/0010-4485(78)90110-0",
url = "http://www.sciencedirect.com/science/article/pii/0010448578901100",
author = "E. Catmull and J. Clark"
}

@inproceedings{Chentanez:2007:LSL,
  title = {Liquid Simulation on Lattice-Based Tetrahedral Meshes},
  booktitle = {ACM SIGGRAPH/Eurographics Symposium on Computer Animation 2007},
  author = {Nuttapong Chentanez and Bryan E. Feldman and Fran\c{c}ois Labelle and James F. O'Brien and Jonathan R. Shewchuk},
  month = aug,
  year = 2007,
  pages = {219--228},
  url = {http://graphics.cs.berkeley.edu/papers/Chentanez-LSL-2007-08/},
}

@inproceedings{Chew:1993:GQM,
 author = {Chew, L. Paul},
 title = {Guaranteed-quality mesh generation for curved surfaces},
 booktitle = {Proc. 9th annual Symposium on Computational Geometry},
 year = 1993,
 location = {San Diego, California, United States},
 pages = {274--280},
} 

@inproceedings{Choi:2002:SRC,
 author = {Choi, Kwang-Jin and Ko, Hyeong-Seok},
 title = {Stable but responsive cloth},
 booktitle = {Proc. ACM SIGGRAPH 02},
 year = {2002},
 location = {San Antonio, Texas},
 pages = {604--611},
} 

@article{deAguiar:2010:SSR,
author = {de Aguiar, Edilson and Sigal, Leonid and Treuille, Adrien and Hodgins, Jessica K.},
doi = {10.1145/1778765.1778843},
file = {:Users/artoonie/Documents/Papers/a106-de\_aguiar.pdf:pdf},
journal = {ACM Transactions on Graphics},
keywords = {character animation,cloth animation,cloth simulation,combine the benefits of,dimensional representations with the,expressive power of detailed,ideally,low-,models,video games,virtual reality,we would like to},
number = {212},
title = {Stable Spaces for Real-time Clothing},
volume = {1},
year = {2010}
}

@Article{Decaudin:2006:VGA,
  author = 	 {Decaudin, P. and  Julius, D. and Wither, J. and  Boissieux, L. and Sheffer, A. and and Cani, M.},
  title = 	 {Virtual garments: A fully geometric approach for clothing design},
  journal = 	 {Computer Graphics Forum},
  year = 	 2006,
  volume =	 25,
  number =	 3,
  pages =	 {625--634}
}

@inproceedings{English:2008:ADS,
 author = {English, Elliot and Bridson, Robert},
 title = {Animating developable surfaces using nonconforming elements},
 booktitle = {Proc. ACM SIGGRAPH 08},
 series = {SIGGRAPH '08},
 year = {2008},
 isbn = {978-1-4503-0112-1},
 location = {Los Angeles, California},
 pages = {66:1--66:5},
 articleno = {66},
 numpages = {5},
 url = {http://doi.acm.org/10.1145/1399504.1360665},
 doi = {10.1145/1399504.1360665},
 acmid = {1360665},
 publisher = {ACM},
 keywords = {cloth, constraints, developable surface, finite elements},
} 

@article{Feng:2010:DTR,
author = {Feng, Wei-wen and Yu, Yizhou and Kim, Byung-uck},
doi = {10.1145/1778765.1778845},
file = {:Users/artoonie/Documents/Papers/a108-feng.pdf:pdf},
journal = {ACM Transactions on Graphics},
keywords = {colli-,deformation transform,regression,skinning},
number = {212},
pages = {1--9},
title = {A Deformation Transformer for Real-Time Cloth Animation},
volume = {1},
year = {2010}
}

@inproceedings{Garland:1997:SSQ,
 author = {Garland, Michael and Heckbert, Paul S.},
 title = {Surface simplification using quadric error metrics},
 booktitle = {Proc. ACM SIGGRAPH 97},
 series = {SIGGRAPH '97},
 year = {1997},
 isbn = {0-89791-896-7},
 pages = {209--216},
 numpages = {8},
 url = {http://dx.doi.org/10.1145/258734.258849},
 doi = {10.1145/258734.258849},
 acmid = {258849},
 keywords = {level of detail, mutiresolution modeling, non-manifold, pair contraction, surface simplification},
} 

@inproceedings{Garland:1998:SSC,
 author = {Garland, Michael and Heckbert, Paul S.},
 title = {Simplifying surfaces with color and texture using quadric error metrics},
 booktitle = {Proc. Conference on Visualization '98},
 series = {VIS '98},
 year = {1998},
 pages = {263--269},
} 

@article{Goldenthal:2007:ESI,
 author = {Goldenthal, Rony and Harmon, David and Fattal, Raanan and Bercovier, Michel and Grinspun, Eitan},
 title = {Efficient simulation of inextensible cloth},
 journal = {ACM Trans. Graph.},
 issue_date = {July 2007},
 volume = {26},
 number = {3},
 month = jul,
 year = {2007},
 issn = {0730-0301},
 articleno = {49},
 url = {http://doi.acm.org/10.1145/1276377.1276438},
 doi = {10.1145/1276377.1276438},
 acmid = {1276438},
 publisher = {ACM},
 keywords = {cloth simulation, constrained lagrangian mechanics, constraints, inextensibility, isometry, physically-based modeling, stretching},
} 

@inproceedings{Grinspun:2002:CSF,
 author = {Grinspun, Eitan and Krysl, Petr and Schr\"{o}der, Peter},
 title = {{CHARMS}: a simple framework for adaptive simulation},
 booktitle = {Proc. ACM SIGGRAPH 2002},
 year = {2002},
 location = {San Antonio, Texas},
 pages = {281--290},
} 

@inproceedings{Grinspun:2003:DS,
 author = {Grinspun, Eitan and Hirani, Anil N. and Desbrun, Mathieu and Schr\"{o}der, Peter},
 title = {Discrete shells},
 booktitle = {Proc. 2003 ACM SIGGRAPH/Eurographics Symposium on Computer Animation},
 series = {SCA '03},
 year = 2003,
 location = {San Diego, California},
 pages = {62--67},
} 

@article{Harmon:2008:RTS,
author = {David Harmon and Etienne Vouga and Rasmus Tamstorf and Eitan Grinspun},
title = {{R}obust {T}reatment of {S}imultaneous {C}ollisions},
journal = {SIGGRAPH (ACM Transactions on Graphics)},
volume = {27},
number = {3},
pages = {1--4},
month = {Aug},
year = {2008}
}

@article{Hilsmann:2012:IBA,
author = {Hilsmann, A and Eisert, P},
file = {:Users/artoonie/Documents/Papers/eg2012.pdf:pdf},
journal = {Eurographics},
pages = {1--4},
title = {Image-based Animation of Clothes},
year = {2012}
}

@inproceedings{Hoppe:1996:PM,
 author = {Hoppe, Hugues},
 title = {Progressive meshes},
 booktitle = {Proc. ACM SIGGRAPH 96},
 series = {SIGGRAPH '96},
 year = {1996},
 isbn = {0-89791-746-4},
 pages = {99--108},
 numpages = {10},
 url = {http://doi.acm.org/10.1145/237170.237216},
 doi = {10.1145/237170.237216},
 acmid = {237216},
 publisher = {ACM},
 keywords = {geometry compression, level of detail, mesh simplification, progressive transmission, shape interpolation},
} 

@INPROCEEDINGS{Hutchinson:1996:ARM,
    author = {Dave Hutchinson and Martin Preston and Terry Hewitt},
    title = {Adaptive Refinement for Mass/Spring Simulations},
    booktitle = {7th Eurographics Workshop on Animation and Simulation},
    year = {1996},
    pages = {31--45},
    publisher = {Springer-Verlag}
}

@inproceedings{Jiao:2006:AMA,
  author    = {Xiangmin Jiao and
               Andrew Colombi and
               Xinlai Ni and
               John Hart},
  title     = {Anisotropic Mesh Adaptation for Evolving Triangulated Surfaces},
  year      = {2006},
  pages     = {173-190},
  ee        = {http://dx.doi.org/10.1007/978-3-540-34958-7_11},
  editor    = {Philippe P. P{\'e}bay},
  booktitle     = {Proc. 15th International Meshing Roundtable},
  publisher = {Springer},
  isbn      = {978-3-540-34957-0},
  bibsource = {DBLP, http://dblp.uni-trier.de}
}

@article{Kaldor:2010:EYB,
author = {Kaldor, Jonathan M. and James, Doug L. and Marschner, Steve},
doi = {10.1145/1778765.1778842},
file = {:Users/artoonie/Documents/Papers/a105-kaldor.pdf:pdf},
issn = {07300301},
journal = {ACM Transactions on Graphics},
keywords = {adaptive,cloth,contact,corotational,knitted,yarn},
month = jul,
number = {4},
pages = {1},
title = {Efficient yarn-based cloth with adaptive contact linearization},
url = {http://portal.acm.org/citation.cfm?doid=1778765.1778842},
volume = {29},
year = {2010}
}

@article{Kavan:2011:PIU,
author = {Kavan, Ladislav and Gerszewski, Dan and Bargteil, Adam W and Sloan, Peter-pike},
doi = {10.1145/1964921.1964988},
file = {:Users/artoonie/Documents/Papers/a93-kavan.pdf:pdf},
journal = {ACM Transactions on Graphics},
keywords = {Cloth simulation,cloth simulation,data-driven animation,upsampling,video games.},
number = {212},
pages = {1--10},
title = {Physics-Inspired Upsampling for Cloth Simulation in Games},
volume = {1},
year = {2011}
}

@inproceedings{Klingner:2006:FAD,
  title = {Fluid Animation with Dynamic Meshes},
  booktitle = {Proc. ACM SIGGRAPH 2006},
  author = {Bryan M. Klingner and Bryan E. Feldman and Nuttapong Chentanez and James F. O'Brien},
  month = aug,
  year = 2006,
  pages = {820--825},
  url = {http://graphics.cs.berkeley.edu/papers/Klingner-FAD-2006-08/},
}

@inproceedings{Klingner:2007:ATM,
	Author = {Bryan Matthew Klingner and Jonathan Richard Shewchuk},
	Booktitle = {Proc. 16th International Meshing Roundtable},
	Date-Modified = {2010-05-05 16:23:35 -0700},
	Pages = {3--23},
	Title = {Aggressive Tetrahedral Mesh Improvement},
	Year = 2007}

@inproceedings{Labelle:2003:AVD,
 author = {Labelle, Francois and Shewchuk, Jonathan Richard},
 title = {Anisotropic voronoi diagrams and guaranteed-quality anisotropic mesh generation},
 booktitle = {Proc. 19th annual Symposium on Computational Geometry},
 series = {SCG '03},
 year = {2003},
 location = {San Diego, California, USA},
 pages = {191--200},
} 

@article{Labelle:2007:ISF,
  note = {Special issue on Proceedings of SIGGRAPH 2007},
  title = {Isosurface Stuffing:  Fast Tetrahedral Meshes with Good Dihedral   Angles},
  journal = {ACM Transactions on Graphics},
  author = {Fran\c{c}ois Labelle and Jonathan Richard Shewchuk},
  number = 3,
  month = jul,
  volume = 26,
  year = 2007,
  pages = {57.1--57.10},
  url = {http://graphics.cs.berkeley.edu/papers/Labelle-ISF-2007-07/},
}

@incollection{Lawson:1977:SCS,
  author={Charles L. Lawson},
  title={Software for {$C^1$} surface interpolation},
  booktitle={Mathematical software III},
  year={1977},
  pages={161-194},
  publisher={Academic Press}
}

@inproceedings{Li:2005:CAA,
annote = {Implementation-level details on remeshing, but unclear on how they determine the "mean curvature" to decide when to/not to remesh.},
author = {Li, Ling and Volkov, Vasily},
booktitle = {Proc. 28th Australasian Computer Science Conference},
file = {:Users/artoonie/Documents/Papers/CRPITV38Li.pdf:pdf},
keywords = {adaptive mesh,cloth animation,cloth simulation directly,depends on the mesh,refinement and,resolution,simplification,the computational cost of,which determines the},
title = {Cloth Animation with Adaptively Refined Meshes},
volume = {38},
year = {2005}
}

@mastersthesis{Loop:1987:SSS,
  author={Charles Loop},
  title={Smooth subdivision surfaces based on triangles},
  school={University of Utah},
  year={1987}
}  

@article{Martin:2011:EBE,
author = {Martin, Sebastian and Thomaszewski, Bernhard and Grinspun, Eitan and Gross, Markus},
doi = {10.1145/1964921.1964967},
file = {:Users/artoonie/Documents/Papers/a72-martin.pdf:pdf},
isbn = {9781450309431},
journal = {ACM SIGGRAPH},
keywords = {control,elastic solids,physically-based simulation},
number = {212},
pages = {1},
publisher = {ACM Press},
title = {Example-based elastic materials},
url = {http://portal.acm.org/citation.cfm?doid=1964921.1964967},
volume = {1},
year = {2011}
}

@article{Max:1999:WCV,
 author = {Max, Nelson},
 title = {Weights for computing vertex normals from facet normals},
 journal = {J. Graph. Tools},
 issue_date = {March 1999},
 volume = {4},
 number = {2},
 month = mar,
 year = {1999},
 issn = {1086-7651},
 pages = {1--6},
 numpages = {6},
 url = {http://dl.acm.org/citation.cfm?id=334709.334710},
 acmid = {334710},
 publisher = {A. K. Peters, Ltd.}
} 

@article{Miguel:2012:DDE,
author = {Miguel, E and Bradley, D and Thomaszewski, B and Bickel, B. and Matusik, W. and Otaduy, M. A. and Marschner, S.},
file = {:Users/artoonie/Documents/Papers/datadrivenestimation.pdf:pdf},
journal = {Eurographics},
number = {2},
title = {Data-Driven Estimation of Cloth Simulation Models},
volume = {31},
year = {2012}
}

@inproceedings{Muller:2004:IVM,
 author = {M\"{u}ller, Matthias and Gross, Markus},
 title = {Interactive virtual materials},
 booktitle = {Proc. Graphics Interface 2004},
 series = {GI '04},
 year = {2004},
 isbn = {1-56881-227-2},
 location = {London, Ontario, Canada},
 pages = {239--246},
 numpages = {8},
 url = {http://dl.acm.org/citation.cfm?id=1006058.1006087},
 acmid = {1006087},
 publisher = {Canadian Human-Computer Communications Society},
 keywords = {elasticity, finite element method, fracture, large deformations, physically based animation, plasticity, stiffness warping},
} 

@article{Muller:2010:WM,
author = {M\"{u}ller, Matthias and Chentanez, Nuttapong},
file = {:Users/artoonie/Documents/Papers/p85-muller.pdf:pdf},
journal = {ACM SIGGRAPH Symposium on Computer Animation},
title = {Wrinkle Meshes},
year = {2010}
}

@article {Nealen:2006:PBD,
author = {Nealen, Andrew and Müller, Matthias and Keiser, Richard and Boxerman, Eddy and Carlson, Mark},
title = {Physically Based Deformable Models in Computer Graphics},
journal = {Computer Graphics Forum},
volume = {25},
number = {4},
publisher = {Blackwell Publishing Ltd},
issn = {1467-8659},
url = {http://dx.doi.org/10.1111/j.1467-8659.2006.01000.x},
doi = {10.1111/j.1467-8659.2006.01000.x},
pages = {809--836},
keywords = {physically based animation, deformation, continuum elasticity, time integration, FEM, mass-spring, mesh-free methods, modal analysis, fluid animation, I.3.5 Computer Graphics: Physically based modeling, I.3.7 Computer Graphics: Animation and virtual reality},
year = {2006},
}

@book{Nocedal:2006:NO,
   author = {Nocedal, Jorge and Wright, Stephen J.},
   title = {Numerical Optimization},
   series = {Springer Series in Operations Research and Financial Engineering},
   publisher = {Springer New York},
   isbn = {978-0-387-40065-5},
   keyword = {Mathematics and Statistics},
   url = {http://dx.doi.org/10.1007/978-0-387-40065-5_1},
   year = {2006}
}

@incollection{Papadopoulo:2000:EJS,
   author = {Papadopoulo, Théodore and Lourakis, Manolis},
   title = {Estimating the {J}acobian of the Singular Value Decomposition: Theory and Applications},
   booktitle = {Computer Vision - ECCV 2000},
   series = {Lecture Notes in Computer Science},
   pages = {554-570},
   volume = 1842,
   year = 2000
}

@article{Popa:2009:WCG,
author = {Popa, T and Zhou, Q and Bradley, D and Kraevoy, V. and Fu, H. and Sheffer, A. and Heidrich, W.},
file = {:Users/artoonie/Documents/Papers/j.1467-8659.2009.01382.x.pdf:pdf},
journal = {Computer Graphics},
number = {2},
title = {Wrinkling Captured Garments Using Space‐Time Data‐Driven Deformation},
url = {http://onlinelibrary.wiley.com/doi/10.1111/j.1467-8659.2009.01382.x/full},
volume = {28},
year = {2009}
}

@inproceedings{Popovic:1997:PSC,
 author = {Popovi\'{c}, Jovan and Hoppe, Hugues},
 title = {Progressive simplicial complexes},
 booktitle = {Proc. ACM SIGGRAPH 97},
 year = 1997,
 pages = {217--224},
 numpages = 8,
} 

@INPROCEEDINGS{Provot:1995:DCM,
    author = {Xavier Provot},
    title = {Deformation constraints in a mass-spring model to describe rigid cloth behavior},
    booktitle = {Proc. Graphics Interface 95},
    year = 1995,
    pages = {147--154},
}

@article{Rohmer:2010:AWA,
author = {Rohmer, Damien and Popa, Tiberiu and Cani, Marie-paule and Hahmann, Stefanie and Sheffer, Alla},
doi = {10.1145/1866158.1866183},
file = {:Users/artoonie/Documents/Papers/a157-rohmer.pdf:pdf},
journal = {ACM Transactions on Graphics},
keywords = {cloth,im-,mesh deformation,plicit modeling,procedural animation,wrinkle modeling},
number = {6},
pages = {1--8},
title = {Animation Wrinkling : Augmenting Coarse Cloth Simulations with Realistic-Looking Wrinkles},
volume = {29},
year = {2010}
}

@inproceedings{Rusinkiewicz:2004:ECD,
  author = "Szymon Rusinkiewicz",
  title = "Estimating Curvatures and Their Derivatives on Triangle Meshes",
  booktitle = "Symposium on 3D Data Processing, Visualization, and Transmission",
  year = "2004",
  month = sep,
  pages = {486-493}
}

@Misc{Shewchuk:2002:WGL,
  author =	 {Jonathan R. Shewchuk},
  title =	 {What Is a Good Linear Finite Element? {I}nterpolation, Conditioning, Anisotropy, and Quality Measures},
  url = {http://www.cs.berkeley.edu/~jrs/papers/elemj.pdf},
  year =	 2002
}

@article{Simnett:2009:EBA,
  author={Timothy J. R. Simnett and Stephen D. Laycock and Andy M. Day},
  title={An Edge-based Approach to Adaptively Refining a Mesh for Cloth Deformation},
  journal={Theory and Practice of Computer Graphics},
  year={2009},
  pages={77-84}
}

@inproceedings{Tang:2010:FCC,
    author = {Tang, Min and Manocha, Dinesh and Tong, Ruofeng},
    title = {Fast continuous collision detection using deforming non-penetration filters},
    booktitle = {Proc. 2010 ACM SIGGRAPH Symposium on Interactive 3D Graphics and Games},
    year = 2010,
    isbn = {978-1-60558-939-8},
    pages = {7--13},
    location = {Washington, D.C.},
    doi = {http://doi.acm.org/10.1145/1730804.1730806},
    publisher = {ACM}
} 

@inproceedings{Thomaszewski:2007:ATV,
booktitle = {Eurographics 2007 - Tutorials},
year = 2007,
isbn = {undefined},
issn = {1017-4656},
author = {Bernhard Thomaszewski and Markus Wacker and Wolfgang Straßer and Etienne Lyard and C. Luible and Pascal Volino and M. Kasap and V. Muggeo and Nadia Magnenat-Thalmann},
title = {Advanced Topics in Virtual Garment Simulation },
pages = {795-855},
}

@article{Thomaszewski:2009:CBS,
author = {Thomaszewski, Bernhard and Pabst, Simon and Stra\ss er, Wolfgang},
file = {:Users/artoonie/Documents/Papers/j.1467-8659.2009.01397.x.pdf:pdf},
journal = {Eurographics},
number = {2},
title = {Continuum-based Strain Limiting},
volume = {28},
year = {2009}
}

@article{Umetani:2011:SCI,
 author = {Umetani, Nobuyuki and Kaufman, Danny M. and Igarashi, Takeo and Grinspun, Eitan},
 title = {Sensitive couture for interactive garment modeling and editing},
 journal = {ACM Trans. Graph.},
 issue_date = {July 2011},
 volume = {30},
 number = {4},
 month = aug,
 year = {2011},
 pages = {90:1--90:12},
} 

@inproceedings{Villard:2002:AMC,
   author = {Villard, J. and Borouchaki, H.},
   title = {Adaptive meshing for cloth animation},
   booktitle = {Proceedings, 11th International Meshing Roundtable},
   publisher = {Springer-Verlag},
   pages = {243-252},
   year = {2002}
}

@article{Volino:2009:SAN,
author = {Volino, Pascal and Magnenat-Thalmann, Nadia and Faure, Francois},
doi = {10.1145/1559755.1559762},
file = {:Users/artoonie/Documents/Papers/a105-volino.pdf:pdf},
issn = {07300301},
journal = {ACM Transactions on Graphics},
month = aug,
number = {4},
pages = {1--16},
title = {A simple approach to nonlinear tensile stiffness for accurate cloth simulation},
url = {http://portal.acm.org/citation.cfm?doid=1559755.1559762},
volume = {28},
year = {2009}
}

@misc{Wang:2002:ACS,
  author = {Robert Wang},
  title = {Adaptive Cloth Simulation},
  howpublished = {Undergraduate thesis, Carnegie Mellon University},
  year = 2002
}

@article{Wang:2010:EBW,
author = {Wang, Huamin and Florian Hecht and Ravi Ramamoorthi and O'Brien, James},
doi = {10.1145/1778765.1778844},
file = {:Users/artoonie/Documents/Papers/a107-wang.pdf:pdf},
journal = {ACM Transactions on Graphics},
keywords = {Clothing animation,acm reference format,animation,berkeley,cloth simulation,clothing animation,contact email,edu,eecs,example-based,example-based animation,fhecht,job,precomputed animation,precomputed animation.,ravir,whmin,wrinkles},
number = {4},
pages = {1--8},
title = {Example-Based Wrinkle Synthesis for Clothing Animation},
volume = {29},
year = {2010}
}

@inproceedings{Wang:2010:MRI,
  title = {Multi-Resolution Isotropic Strain Limiting},
  booktitle = {Proc. ACM SIGGRAPH Asia 2010},
  author = {Huamin Wang and James F. O'Brien and Ravi Ramamoorthi},
  month = dec,
  location = {Seoul, South Korea},
  year = 2010,
  pages = {160:1-10},
  url = {http://graphics.berkeley.edu/papers/Wang-MRI-2010-12/},
}

@article{Wang:2011:DDE,
author = {Wang, Huamin and O'Brien, James F. and Ramamoorthi, Ravi},
file = {:Users/artoonie/Documents/Papers/Wang-DDE-2011-08.pdf:pdf},
journal = {ACM Transactions on Graphics},
keywords = {anisotropy,cloth simulation,data-driven model,nonlinear elasticity,parameter estimation},
number = {4},
title = {Data-driven elastic models for cloth: modeling and measurement},
url = {http://dl.acm.org/citation.cfm?id=1964966},
volume = {30},
year = {2011}
}

@article{Wejchert:1991:AA,
 author = {Wejchert, Jakub and Haumann, David},
 title = {Animation aerodynamics},
 journal = {SIGGRAPH Comput. Graph.},
 issue_date = {July 1991},
 volume = {25},
 number = {4},
 month = jul,
 year = {1991},
 issn = {0097-8930},
 pages = {19--22},
 numpages = {4},
 url = {http://doi.acm.org/10.1145/127719.122719},
 doi = {10.1145/127719.122719},
 acmid = {122719},
 publisher = {ACM},
 keywords = {aerodynamics, animation, control motion design, flow primitives, fluid mechanics, leaves},
} 

@inproceedings{Wicke:2010:DLR,
  title = {Dynamic Local Remeshing for Elastoplastic Simulation},
  booktitle = {Proc. ACM SIGGRAPH 2010},
  author = {Martin Wicke and Daniel Ritchie and Bryan M. Klingner and Sebastian Burke and Jonathan R. Shewchuk and James F. O'Brien},
  month = jul,
  location = {Los Angles, California},
  year = 2010,
  pages = {49:1-11},
  url = {http://graphics.berkeley.edu/papers/Wicke-DLR-2010-07/},
}

@article{Wojtan:2008:FVB,
 author = {Wojtan,, Chris and Turk,, Greg},
 title = {Fast viscoelastic behavior with thin features},
 journal = {ACM Trans. Graph.},
 volume = {27},
 number = {3},
 year = {2008},
 issn = {0730-0301},
 pages = {1--8},
 doi = {http://doi.acm.org/10.1145/1360612.1360646},
 publisher = {ACM}
 }

@inproceedings{Zordan:2003:MOM,
 author = {Zordan, Victor Brian and Van Der Horst, Nicholas C.},
 title = {Mapping optical motion capture data to skeletal motion using a physical model},
 booktitle = {Proc. 2003 ACM SIGGRAPH/Eurographics Symposium on Computer Animation},
 series = {SCA '03},
 year = {2003},
 isbn = {1-58113-659-5},
 location = {San Diego, California},
 pages = {245--250},
 numpages = {6},
 url = {http://dl.acm.org/citation.cfm?id=846276.846311},
 acmid = {846311},
 publisher = {Eurographics Association}
} 